<collection xmlns="http://www.loc.gov/MARC21/slim">
<record>
  <leader>01858nam0a2200301 i 450 </leader>
  <controlfield tag="001">IT\ICCU\CNCE\077414</controlfield>
  <controlfield tag="005">20130422000000.0</controlfield>
  <datafield tag="012" ind1=" " ind2=" ">
    <subfield code="a">onn- 4020 e.ue 2020 (C) 1560 (R)</subfield>
    <subfield code="2">fei</subfield>
  </datafield>
  <datafield tag="100" ind1=" " ind2=" ">
    <subfield code="a">20120511d1560        0itac0103    ba</subfield>
  </datafield>
  <datafield tag="101" ind1=" " ind2=" ">
    <subfield code="a">ITA</subfield>
  </datafield>
  <datafield tag="102" ind1=" " ind2=" ">
    <subfield code="a">IT</subfield>
  </datafield>
  <datafield tag="200" ind1="1" ind2=" ">
    <subfield code="a">Abbaco nuouo, molto copioso et artificiosamente ordinato, nelqual \!! si contiene tutte sorte di quesiti che deueno fare tutti li precettori alli loro discepoli, per farli buoni, &amp; perfetti rasonati. Con molte belle proposte nel fine con bellissimo artificio fabricate cosa molto vtile, che bella. Opera vtilissima et vniuersalmente in tutte le citta &amp; prouincie molto necessaria</subfield>
  </datafield>
  <datafield tag="210" ind1=" " ind2=" ">
    <subfield code="a">In Venetia</subfield>
    <subfield code="c">per Comin da Trino di Monferrato</subfield>
    <subfield code="d">1560</subfield>
    <subfield code="e">Stampato in Venetia</subfield>
    <subfield code="h">1560 adi 9 nouembrio</subfield>
  </datafield>
  <datafield tag="215" ind1=" " ind2=" ">
    <subfield code="a">\120! c.</subfield>
    <subfield code="d">8ʻ</subfield>
  </datafield>
  <datafield tag="300" ind1=" " ind2=" ">
    <subfield code="a">Il nome dell&apos;autore si ricava dal colophon</subfield>
  </datafield>
  <datafield tag="620" ind1=" " ind2=" ">
    <subfield code="a">IT</subfield>
    <subfield code="d">Venezia</subfield>
  </datafield>
  <datafield tag="700" ind1=" " ind2="1">
    <subfield code="a">Rizzo,</subfield>
    <subfield code="b">Gasparo</subfield>
    <subfield code="3">IT\ICCU\CNCA\029719</subfield>
  </datafield>
  <datafield tag="712" ind1="0" ind2="2">
    <subfield code="a">Comin da Trino</subfield>
    <subfield code="3">IT\ICCU\CNCT\000112</subfield>
    <subfield code="4">650</subfield>
  </datafield>
  <datafield tag="712" ind1="0" ind2="2">
    <subfield code="a">Tipografo non identificato</subfield>
    <subfield code="3">IT\ICCU\CNCT\003341</subfield>
    <subfield code="4">650</subfield>
  </datafield>
  <datafield tag="791" ind1="0" ind2="2">
    <subfield code="a">Cominus de Tridino</subfield>
    <subfield code="3">IT\ICCU\CNCT\004645</subfield>
    <subfield code="z">Comin da Trino</subfield>
  </datafield>
  <datafield tag="791" ind1="0" ind2="0">
    <subfield code="a">Trino, Comin</subfield>
    <subfield code="3">IT\ICCU\CNCT\004646</subfield>
    <subfield code="z">Comin da Trino</subfield>
  </datafield>
  <datafield tag="801" ind1=" " ind2="3">
    <subfield code="a">IT</subfield>
    <subfield code="b">ICCU</subfield>
    <subfield code="c">20201115</subfield>
  </datafield>
  <datafield tag="899" ind1=" " ind2=" ">
    <subfield code="a">Biblioteca universitaria. Bologna</subfield>
    <subfield code="1">BO0098</subfield>
    <subfield code="2">UBO BU</subfield>
  </datafield>
  <datafield tag="899" ind1=" " ind2=" ">
    <subfield code="a">Biblioteca comunale Manfrediana. Faenza</subfield>
    <subfield code="1">RA0016</subfield>
    <subfield code="2">RAV FA</subfield>
  </datafield>
  <datafield tag="911" ind1=" " ind2=" ">
    <subfield code="a">Nel v. del front.</subfield>
    <subfield code="9">IT\ICCU\CNCM\000366</subfield>
  </datafield>
  <datafield tag="911" ind1=" " ind2=" ">
    <subfield code="a">Sul front.</subfield>
    <subfield code="9">IT\ICCU\CNCM\000216</subfield>
  </datafield>
  <datafield tag="921" ind1=" " ind2=" ">
    <subfield code="a">IT\ICCU\CNCM\000366</subfield>
    <subfield code="b">Fascio di frecce legate con un nastro su cui  ̈scritta la parola Unitas. In cornice:</subfield>
    <subfield code="e">Concordia parvae res crescunt.</subfield>
    <subfield code="c">Z1129</subfield>
    <subfield code="d">Dimensioni: 5,2 x 5,7</subfield>
    <subfield code="f">CONCORDIAR</subfield>
    <subfield code="f">FRECCIA</subfield>
    <subfield code="f">UNITAS</subfield>
    <subfield code="g">1555-1575</subfield>
  </datafield>
  <datafield tag="921" ind1=" " ind2=" ">
    <subfield code="a">IT\ICCU\CNCM\000216</subfield>
    <subfield code="b">Sfera armillare sostenuta da nuvole con al centro un ramo di fiori</subfield>
    <subfield code="c">Q49</subfield>
    <subfield code="c">V321</subfield>
    <subfield code="c">Z1062</subfield>
    <subfield code="d">Dimensioni: 4,5 x 4,1</subfield>
    <subfield code="f">FIORI</subfield>
    <subfield code="f">SFERA</subfield>
    <subfield code="g">[non prima del 1532]-1597</subfield>
  </datafield>
</record>
</collection>
